<?xml version="1.0" encoding="UTF-8"?><record xmlns="http://www.loc.gov/MARC21/slim" xmlns:cinclude="http://apache.org/cocoon/include/1.0" xmlns:zs="http://www.loc.gov/zing/srw/">
  <leader>00682cz  a2200193n  4500</leader>
  <controlfield tag="001">no 93030519 </controlfield>
  <controlfield tag="003">DLC</controlfield>
  <controlfield tag="005">19931130182027.7</controlfield>
  <controlfield tag="008">931012n| acaaaaaa|          |n ana     c</controlfield>
  <datafield tag="010" ind1=" " ind2=" ">
    <subfield code="a">no 93030519 </subfield>
  </datafield>
  <datafield tag="040" ind1=" " ind2=" ">
    <subfield code="a">CoU</subfield>
    <subfield code="c">CoU</subfield>
    <subfield code="d">CoU</subfield>
  </datafield>
  <datafield tag="130" ind1=" " ind2="0">
    <subfield code="a">Colección poética Leopoldo Panero</subfield>
  </datafield>
  <datafield tag="642" ind1=" " ind2=" ">
    <subfield code="a">30</subfield>
    <subfield code="5">DLC</subfield>
    <subfield code="5">CoU</subfield>
  </datafield>
  <datafield tag="643" ind1=" " ind2=" ">
    <subfield code="a">Madrid</subfield>
    <subfield code="b">Ediciones Cultura Hispánica</subfield>
  </datafield>
  <datafield tag="644" ind1=" " ind2=" ">
    <subfield code="a">f</subfield>
    <subfield code="5">DLC</subfield>
    <subfield code="5">CoU</subfield>
  </datafield>
  <datafield tag="645" ind1=" " ind2=" ">
    <subfield code="a">t</subfield>
    <subfield code="d">items cataloged after Dec. 31, 1980</subfield>
    <subfield code="5">DLC</subfield>
    <subfield code="5">CoU</subfield>
  </datafield>
  <datafield tag="645" ind1=" " ind2=" ">
    <subfield code="a">n</subfield>
    <subfield code="d">items cataloged before Jan. 1, 1981</subfield>
    <subfield code="5">DLC</subfield>
    <subfield code="5">CoU</subfield>
  </datafield>
  <datafield tag="646" ind1=" " ind2=" ">
    <subfield code="a">s</subfield>
    <subfield code="5">DLC</subfield>
    <subfield code="5">CoU</subfield>
  </datafield>
  <datafield tag="670" ind1=" " ind2=" ">
    <subfield code="a">Trilogía interrogante, 1977:</subfield>
    <subfield code="b">ser. t.p. (Colección poética Leopoldo Panero) cover p. 3 (Colección poética "Leopoldo Panero")</subfield>
  </datafield>
</record>